% literature review about confounders
@article{alyahyan2020predicting,
  title={Predicting academic success in higher education: literature review and best practices},
  author={Alyahyan, Eyman and D{\"u}{\c{s}}teg{\"o}r, Dilek},
  journal={International Journal of Educational Technology in Higher Education},
  volume={17},
  number={1},
  pages={3},
  year={2020},
  publisher={Springer}
}

% Presenting the dataset
@article{realinho2021predict,
  author          = {Valentim Realinho, Jorge Machado, Luís Baptistaand Mónica V. Martins},
    title           = {Predict students' dropout and academic success},
    journal         = {Zenodo},
    month           = {Dec.},
    year            = {2021},
    doi             = {10.5281/zenodo.5777340}
}


% Doubly robust estimators for ATT and ATC
@article{tao2018robust,
  title={Robust Estimation of the Weighted Average Treatment Effect for A Target Population},
  author={Tao, Yebin and Fu, Haoda},
  journal={arXiv preprint arXiv:1804.05079},
  year={2018}
}